<record><leader>01433cam a2200385 i 45 0</leader><controlfield tag="001">6789336</controlfield><controlfield tag="003">OCoLC</controlfield><controlfield tag="005">20150126152412.0</controlfield><controlfield tag="008">140501s2015    ilu      b    001 0 eng  </controlfield><datafield ind1=" " ind2=" " tag="010"><subfield code="a">  2014016940</subfield></datafield><datafield ind1=" " ind2=" " tag="020"><subfield code="a">9781935871705</subfield></datafield><datafield ind1=" " ind2=" " tag="020"><subfield code="a">1935871706</subfield></datafield><datafield ind1=" " ind2=" " tag="035"><subfield code="a">ocn879468969</subfield></datafield><datafield ind1=" " ind2=" " tag="040"><subfield code="a">DLC</subfield><subfield code="b">eng</subfield><subfield code="e">rda</subfield><subfield code="c">DLC</subfield><subfield code="d">OCLCF</subfield><subfield code="d">AFMK</subfield></datafield><datafield ind1=" " ind2=" " tag="042"><subfield code="a">pcc</subfield></datafield><datafield ind1="0" ind2="0" tag="050"><subfield code="a">HV689</subfield><subfield code="b">.O43 2015</subfield></datafield><datafield ind1="0" ind2="0" tag="082"><subfield code="a">361.3/2</subfield><subfield code="2">23</subfield></datafield><datafield ind1=" " ind2=" " tag="090"><subfield code="a">HV 689 O43 2015</subfield><subfield code="b">AFMK</subfield></datafield><datafield ind1=" " ind2=" " tag="090"><subfield code="a">HV689 .O43 2015</subfield><subfield code="b">AEGMCT</subfield></datafield><datafield ind1="1" ind2=" " tag="100"><subfield code="a">O'Hare, Thomas.</subfield></datafield><datafield ind1="1" ind2="0" tag="245"><subfield code="a">Evidence-based practices for social workers :</subfield><subfield code="b">an interdisciplinary approach /</subfield><subfield code="c">Thomas O'Hare, Boston College.</subfield></datafield><datafield ind1=" " ind2=" " tag="250"><subfield code="a">Second edition.</subfield></datafield><datafield ind1=" " ind2="1" tag="264"><subfield code="a">Chicago, Illinois :</subfield><subfield code="b">Lyceum Books, Inc.,</subfield><subfield code="c">[2015]</subfield></datafield><datafield ind1=" " ind2=" " tag="300"><subfield code="a">x, 818 pages :</subfield><subfield code="b">illustrations, charts ;</subfield><subfield code="c">23 cm</subfield></datafield><datafield ind1=" " ind2=" " tag="336"><subfield code="a">text</subfield><subfield code="b">txt</subfield><subfield code="2">rdacontent</subfield></datafield><datafield ind1=" " ind2=" " tag="337"><subfield code="a">unmediated</subfield><subfield code="b">n</subfield><subfield code="2">rdamedia</subfield></datafield><datafield ind1=" " ind2=" " tag="338"><subfield code="a">volume</subfield><subfield code="b">nc</subfield><subfield code="2">rdacarrier</subfield></datafield><datafield ind1=" " ind2=" " tag="504"><subfield code="a">Includes bibliographical references and index.</subfield></datafield><datafield ind1=" " ind2=" " tag="596"><subfield code="a">8 29</subfield></datafield><datafield ind1=" " ind2="0" tag="650"><subfield code="a">Psychiatric social work.</subfield></datafield><datafield ind1=" " ind2="0" tag="650"><subfield code="a">Evidence-based social work.</subfield></datafield><datafield ind1=" " ind2=" " tag="999"><subfield code="h">GMCT-OS-B</subfield></datafield><datafield ind1=" " ind2=" " tag="947"><subfield code="b">PSW</subfield><subfield code="f">QGM</subfield><subfield code="h">GMCT-OS-B</subfield><subfield code="p">125.81</subfield><subfield code="q">1</subfield><subfield code="z">9781935871705</subfield></datafield><datafield ind1=" " ind2=" " tag="926"><subfield code="a">HV 689 O43 2015</subfield><subfield code="w">LC</subfield><subfield code="c">1</subfield><subfield code="i">34917001374557</subfield><subfield code="l">ON_SHELF</subfield><subfield code="m">KEYANO</subfield><subfield code="p">$105.03</subfield><subfield code="r">Y</subfield><subfield code="s">Y</subfield><subfield code="t">BOOK</subfield><subfield code="u">1/26/2015</subfield><subfield code="o">.STAFF. Rec'd Mar/15 MW</subfield></datafield><datafield ind1=" " ind2=" " tag="926"><subfield code="a">HV689 .O43 2015</subfield><subfield code="w">LC</subfield><subfield code="c">1</subfield><subfield code="i">1007694159</subfield><subfield code="d">1/31/2017</subfield><subfield code="e">1/31/2017</subfield><subfield code="k">CHECKEDOUT</subfield><subfield code="l">ON_SHELF</subfield><subfield code="m">GR_MACEWAN</subfield><subfield code="n">3</subfield><subfield code="p">$116.68</subfield><subfield code="r">M</subfield><subfield code="s">Y</subfield><subfield code="t">BOOK</subfield><subfield code="u">5/25/2016</subfield></datafield></record>